<record xmlns:xsi="http://www.w3.org/2001/XMLSchema-instance" xmlns="http://www.loc.gov/MARC21/slim" xsi:schemaLocation="http://www.loc.gov/MARC21/slim http://www.loc.gov/standards/marcxml/schema/MARC21slim.xsd">

  <leader>00689nam a2200169Ia 4500</leader>
  <datafield ind2=" " ind1=" " tag="999">
    <subfield code="c">2045</subfield>
    <subfield code="d">2045</subfield>
  </datafield>
  <controlfield tag="008">180904b2004    cr ||||| |||| 00| | spa d</controlfield>
  <datafield ind1=" " ind2=" " tag="090">
    <subfield code="a">09.05.01 </subfield>
    <subfield code="b">1188</subfield>
  </datafield>
  <datafield ind1=" " ind2=" " tag="110">
    <subfield code="a">Universidad de Costa Rica. Consejo Universitario</subfield>
    <subfield code="9">1007</subfield>
  </datafield>
  <datafield tag="245" ind2="0" ind1="1">
    <subfield code="a">Informe de Comisión Especial. Análisis del Tratado de Libre Comercio entre Centroamérica y Estados Unidos / </subfield>
    <subfield code="c">Universidad de Costa Rica. Consejo Universitario</subfield>
  </datafield>
  <datafield tag="260" ind1=" " ind2=" ">
    <subfield code="a">San José, Costa Rica : </subfield>
    <subfield code="b">Universidad de Costa Rica, Consejo Universitario, </subfield>
    <subfield code="c">2004</subfield>
  </datafield>
  <datafield ind2=" " ind1=" " tag="300">
    <subfield code="a">43 páginas</subfield>
  </datafield>
  <datafield ind2="4" ind1="1" tag="650">
    <subfield code="a">INFORMES</subfield>
    <subfield code="9">267</subfield>
  </datafield>
  <datafield tag="650" ind2="4" ind1="1">
    <subfield code="a">TRATADO DE LIBRE COMERCIO </subfield>
    <subfield code="9">2810</subfield>
  </datafield>
  <datafield ind2="4" ind1="1" tag="651">
    <subfield code="9">372</subfield>
    <subfield code="a">ESTADOS UNIDOS</subfield>
  </datafield>
  <datafield ind1="1" ind2="4" tag="651">
    <subfield code="9">457</subfield>
    <subfield code="a">AMÉRICA CENTRAL</subfield>
  </datafield>
  <datafield ind2=" " ind1=" " tag="942">
    <subfield code="2">z</subfield>
    <subfield code="c">01</subfield>
  </datafield>
</record>